<?xml version="1.0" encoding="UTF-8" ?>
<collection xmlns:xsi="http://www.w3.org/2001/XMLSchema-instance"
    xsi:schemaLocation="http://www.loc.gov/MARC21/slim
        http://www.loc.gov/standards/marcxml/schema/MARC21slim.xsd"
    xmlns="http://www.loc.gov/MARC21/slim">
<record>
  <leader>00222cam a2200409 i 4500</leader>
  <controlfield tag="001">b13284794</controlfield>
  <controlfield tag="003">LeBAU</controlfield>
  <controlfield tag="005">20140408</controlfield>
  <controlfield tag="008">020708s1901    le            000 p ara d</controlfield>
  <datafield tag="035" ind1=" " ind2=" ">
    <subfield code="a">ocn784545908</subfield>
  </datafield>
  <datafield tag="037" ind1=" " ind2=" ">
    <subfield code="b">Helen Badaro</subfield>
    <subfield code="z">33742</subfield>
  </datafield>
  <datafield tag="040" ind1=" " ind2=" ">
    <subfield code="a">LEAUB</subfield>
    <subfield code="b">ara</subfield>
    <subfield code="e">rda</subfield>
    <subfield code="c">LEAUB</subfield>
    <subfield code="d">LEAUB</subfield>
  </datafield>
  <datafield tag="082" ind1="0" ind2="4">
    <subfield code="a">297.63</subfield>
    <subfield code="2">22</subfield>
  </datafield>
  <datafield tag="100" ind1="1" ind2=" ">
    <subfield code="6">880-01</subfield>
    <subfield code="a">Ibn Yakhluftan, Abū Zayd ʻAbd al-Raḥmān,</subfield>
    <subfield code="d">-1230,</subfield>
    <subfield code="e">author.</subfield>
  </datafield>
  <datafield tag="245" ind1="1" ind2="0">
    <subfield code="6">880-02</subfield>
    <subfield code="a">Dīwān al-Wasā’il al-mutaqabbalah fī madḥ al-Nabī ṣallá Allāh ‘alyhi wa-sallam /</subfield>
    <subfield code="c">lil-wazīr al-fāḍil Abī Zayd ‘Abd al-Raḥmān Abī Sa‘īd Yakhluftan ibn Aḥmad al-Fāzāzī al-Andalusī. Wa-yalīhi al-Sābiqāt al-jiyād fī madḥ sayyid al-‘ibād ṣallá Allāh ‘alyhi wa-sallam / lil-‘allāmah ṣāḥib al-faḍīlah al-ustādh al-Shaykh Yūsuf Afandī ibn Ismā‘īl al-Nabahānī, ra’īs Maḥkamat al-Ḥuqūq fī Wilāyat Bayrūt.</subfield>
  </datafield>
  <datafield tag="264" ind1=" " ind2="1">
    <subfield code="6">880-03</subfield>
    <subfield code="a">Bayrūt :</subfield>
    <subfield code="b">al-Maṭba‘ah al-Adabīyah,</subfield>
    <subfield code="c">1319 H., [1901? M.]</subfield>
  </datafield>
  <datafield tag="300" ind1=" " ind2=" ">
    <subfield code="6">880-04</subfield>
    <subfield code="a">168 pages ;</subfield>
    <subfield code="c">21 cm</subfield>
  </datafield>
  <datafield tag="336" ind1=" " ind2=" ">
    <subfield code="a">text</subfield>
    <subfield code="b">txt</subfield>
    <subfield code="2">rdacontent</subfield>
  </datafield>
  <datafield tag="337" ind1=" " ind2=" ">
    <subfield code="a">unmediated</subfield>
    <subfield code="b">n</subfield>
    <subfield code="2">rdamedia</subfield>
  </datafield>
  <datafield tag="338" ind1=" " ind2=" ">
    <subfield code="a">volume</subfield>
    <subfield code="b">nc</subfield>
    <subfield code="2">rdacarrier</subfield>
  </datafield>
  <datafield tag="500" ind1=" " ind2=" ">
    <subfield code="a">"أنشأه سنة 604 هجرية في حاضرة قرطبة من بلاد الأندلس ورواه عنه الإمام الحافظ الشهير يوسف بن مسدي الملهبي في شهر شعبان سنة أربع وعشرين وستمائة وحدث به في المسجد الحرام سنة 624"</subfield>
  </datafield>
  <datafield tag="500" ind1=" " ind2=" ">
    <subfield code="a">"طبع على نفقة الأخوين الماجدين محمد رشيد ومصطفى الحلواني البيروتيين وحقوق الطبع محفوظة لهما."</subfield>
  </datafield>
  <datafield tag="600" ind1="0" ind2="4">
    <subfield code="a">محمد،</subfield>
    <subfield code="c">النبي،</subfield>
    <subfield code="d">571-633</subfield>
    <subfield code="v">شعر.</subfield>
  </datafield>
  <datafield tag="600" ind1="0" ind2="0">
    <subfield code="a">Muḥammad,</subfield>
    <subfield code="c">Prophet,</subfield>
    <subfield code="d">-632</subfield>
    <subfield code="v">Poetry.</subfield>
  </datafield>
  <datafield tag="655" ind1=" " ind2="4">
    <subfield code="a">شعر.</subfield>
  </datafield>
  <datafield tag="655" ind1=" " ind2="0">
    <subfield code="a">Poetry.</subfield>
  </datafield>
  <datafield tag="700" ind1="1" ind2="2">
    <subfield code="6">880-05</subfield>
    <subfield code="a">Nabhānī, Yūsuf ibn Ismāʻīl,</subfield>
    <subfield code="d">1849 or 1850-1932.</subfield>
    <subfield code="t">Sābiqāt al-jiyād fī madḥ sayyid al-‘ibād.</subfield>
  </datafield>
  <datafield tag="852" ind1=" " ind2=" ">
    <subfield code="a">Jafet Archives and Special Collections</subfield>
    <subfield code="e">American University of Beirut, Bliss Street , Beirut, Lebanon.</subfield>
  </datafield>
  <datafield tag="880" ind1="1" ind2=" ">
    <subfield code="6">100-01/(3/r</subfield>
    <subfield code="a">ابن يخلفتن، ابو زيد عبد الرحمن،</subfield>
    <subfield code="d">-1230،</subfield>
    <subfield code="e">مؤلف. </subfield>
    <subfield code="4">aut.</subfield>
  </datafield>
  <datafield tag="880" ind1="1" ind2="0">
    <subfield code="6">245-02/(3/r</subfield>
    <subfield code="a">ديوان الوسائل المتقبلة في مدح النبي صلى الله عليه وسلم /</subfield>
    <subfield code="c">للوزير الفاضل أبي زيد عبد الرحمن أبي سعيد يخلفتن إبن أحمد الفازازي الأندلسي. ويليه السابقات الجياد في مدح سيد العباد صلى الله عليه وسلم / للعلامة صاحب الفضيلة الأستاذ الشيخ يوسف أفندي بن إسماعيل النبهاني، رئيس محكمة الحقوق في ولاية بيروت.</subfield>
  </datafield>
  <datafield tag="880" ind1=" " ind2="1">
    <subfield code="6">264-03/(3/r</subfield>
    <subfield code="a">بيروت :</subfield>
    <subfield code="b">المطبعة الأدبية،</subfield>
    <subfield code="c">1319 هـ.، [1901؟ م.]</subfield>
  </datafield>
  <datafield tag="880" ind1=" " ind2=" ">
    <subfield code="6">300-04/(3/r</subfield>
    <subfield code="a">168 صفحة ؛</subfield>
    <subfield code="c">21 سم</subfield>
  </datafield>
  <datafield tag="880" ind1="1" ind2="2">
    <subfield code="6">700-05/(3/r</subfield>
    <subfield code="a">النبهاني، يوسف بن اسماعيل،</subfield>
    <subfield code="d">1849-1932.</subfield>
    <subfield code="t">السابقات الجياد في مدح سيد العباد.</subfield>
  </datafield>
  <datafield tag="907" ind1=" " ind2=" ">
    <subfield code="a">.b13284794</subfield>
    <subfield code="b">16-03-23</subfield>
    <subfield code="c">11-05-24</subfield>
  </datafield>
  <datafield tag="907" ind1=" " ind2=" ">
    <subfield code="a">.b13284794</subfield>
    <subfield code="b">11-10-11</subfield>
    <subfield code="c">11-05-24</subfield>
  </datafield>
  <datafield tag="945" ind1=" " ind2=" ">
    <subfield code="f">CA</subfield>
    <subfield code="a">297.63:F287dA:c.1</subfield>
    <subfield code="g">1</subfield>
    <subfield code="i">00348076</subfield>
    <subfield code="j">.i13954623</subfield>
    <subfield code="l">u0304</subfield>
  </datafield>
  <datafield tag="998" ind1=" " ind2=" ">
    <subfield code="a">u03</subfield>
    <subfield code="b">02-07-08</subfield>
    <subfield code="c">m</subfield>
    <subfield code="d">a</subfield>
    <subfield code="e">-</subfield>
    <subfield code="f">ara</subfield>
    <subfield code="g">le </subfield>
    <subfield code="h">0</subfield>
    <subfield code="i">1</subfield>
  </datafield>
</record>
</collection>
